<record><leader>00000cas a22000007a 4500</leader><controlfield tag="001">36830362</controlfield><controlfield tag="008">970430d19711972tnuwr ne      0    0eng d</controlfield><datafield ind1=" " ind2=" " tag="010"><subfield code="a">sn 97065046 </subfield></datafield><datafield ind1=" " ind2=" " tag="040"><subfield code="a">TGN</subfield><subfield code="b">eng</subfield><subfield code="c">TGN</subfield><subfield code="d">OCLCQ</subfield><subfield code="d">OCLCO</subfield></datafield><datafield ind1="1" ind2=" " tag="029"><subfield code="a">AU@</subfield><subfield code="b">000013251045</subfield></datafield><datafield ind1=" " ind2=" " tag="042"><subfield code="a">msc</subfield></datafield><datafield ind1=" " ind2=" " tag="043"><subfield code="a">n-us-tn</subfield></datafield><datafield ind1="0" ind2="4" tag="245"><subfield code="a">The Fairview flyer.</subfield></datafield><datafield ind1="1" ind2=" " tag="246"><subfield code="i">Issues for Sept. 30-Nov. 4, 1971 have title:</subfield><subfield code="a">Fairview flyer and Williamson County sun</subfield></datafield><datafield ind1="1" ind2=" " tag="246"><subfield code="i">Issues for Nov. 11-Dec. 9, 1971 have title:</subfield><subfield code="a">Williamson County sun, the Fairview flyer</subfield></datafield><datafield ind1="1" ind2=" " tag="246"><subfield code="i">Issues for Dec. 16, 1971-May 19, 1972 have title:</subfield><subfield code="a">Fairview sun</subfield></datafield><datafield ind1="1" ind2=" " tag="246"><subfield code="i">Issues for May 26-&lt;June 9&gt;, 1972 have title:</subfield><subfield code="a">Brentwood Fairview sun</subfield></datafield><datafield ind1="1" ind2=" " tag="246"><subfield code="i">Issues for &lt;July 19-Aug. 3&gt;, 1972 have title:</subfield><subfield code="a">Sun</subfield></datafield><datafield ind1=" " ind2=" " tag="260"><subfield code="a">Fairview, Tenn. :</subfield><subfield code="b">Metropolitan Enterprises,</subfield><subfield code="c">1971.</subfield></datafield><datafield ind1=" " ind2=" " tag="300"><subfield code="a">v.</subfield></datafield><datafield ind1=" " ind2=" " tag="310"><subfield code="a">Weekly</subfield></datafield><datafield ind1="0" ind2=" " tag="362"><subfield code="a">Vol. 1, no. 1 (July 1, 1971)-</subfield></datafield><datafield ind1="1" ind2=" " tag="362"><subfield code="a">Ceased in 1972.</subfield></datafield><datafield ind1=" " ind2=" " tag="500"><subfield code="a">Publishers: Metropolitan Enterprises, 1971-1972; Sun Corp., 1972.</subfield></datafield><datafield ind1=" " ind2=" " tag="500"><subfield code="a">Editor: James L. Moore, 1971-1972.</subfield></datafield><datafield ind1=" " ind2="0" tag="651"><subfield code="a">Fairview (Tenn.)</subfield><subfield code="v">Newspapers.</subfield></datafield><datafield ind1=" " ind2="0" tag="651"><subfield code="a">Williamson County (Tenn.)</subfield><subfield code="v">Newspapers.</subfield></datafield><datafield ind1=" " ind2=" " tag="752"><subfield code="a">United States</subfield><subfield code="b">Tennessee</subfield><subfield code="c">Williamson</subfield><subfield code="d">Fairview.</subfield></datafield></record>